<record><leader>00000cas a2200000 a 4500</leader><controlfield tag="001">7890431</controlfield><controlfield tag="008">811029d19731984mduen ne      0   a0eng d</controlfield><datafield ind1=" " ind2=" " tag="010"><subfield code="a">sn 90057305 </subfield></datafield><datafield ind1=" " ind2=" " tag="040"><subfield code="a">MDS</subfield><subfield code="b">eng</subfield><subfield code="c">MDS</subfield><subfield code="d">MFN</subfield><subfield code="d">OCL</subfield><subfield code="d">OCLCQ</subfield><subfield code="d">OCLCO</subfield></datafield><datafield ind1=" " ind2=" " tag="019"><subfield code="a">7890400</subfield><subfield code="a">8225650</subfield><subfield code="a">8225706</subfield></datafield><datafield ind1="1" ind2=" " tag="029"><subfield code="a">AU@</subfield><subfield code="b">000020597821</subfield></datafield><datafield ind1=" " ind2=" " tag="042"><subfield code="a">msc</subfield></datafield><datafield ind1=" " ind2=" " tag="090"><subfield code="a">LD4821.S852</subfield><subfield code="b">E45</subfield></datafield><datafield ind1="0" ind2=" " tag="130"><subfield code="a">Empath (Saint Mary's City, Md.)</subfield></datafield><datafield ind1="0" ind2="0" tag="245"><subfield code="a">Empath.</subfield></datafield><datafield ind1="3" ind2="0" tag="246"><subfield code="a">SMC empath</subfield></datafield><datafield ind1=" " ind2=" " tag="260"><subfield code="a">St. Mary's City, Md. :</subfield><subfield code="b">St. Mary's College</subfield></datafield><datafield ind1=" " ind2=" " tag="300"><subfield code="a">v.</subfield></datafield><datafield ind1=" " ind2=" " tag="310"><subfield code="a">Biweekly (during the school year)</subfield></datafield><datafield ind1="0" ind2=" " tag="362"><subfield code="a">Vol. 1, issue 1 (Oct. 23, 1973)-v. 7, no. 6 (Dec. 9, 1980) ; Vol. 1, no. 1 (Feb. 3, 1981)-v. 2, no. 6 (Nov. 21, 1981) ; Vol. 1, no. 1 (Feb. 15, 1982)-v. 6, no. 10 (Dec. 4, 1984).</subfield></datafield><datafield ind1=" " ind2=" " tag="500"><subfield code="a">Published as: The SMC empath, Feb. 3-Nov. 21, 1981.</subfield></datafield><datafield ind1="2" ind2=" " tag="710"><subfield code="a">St. Mary's College of Maryland.</subfield></datafield><datafield ind1=" " ind2=" " tag="752"><subfield code="a">United States</subfield><subfield code="b">Maryland</subfield><subfield code="c">Saint Mary's</subfield><subfield code="d">Saint Mary's City.</subfield></datafield><datafield ind1="0" ind2="0" tag="780"><subfield code="t">Point news (Saint Mary's City, Md. : 1959)</subfield><subfield code="w">(DLC)sn 90057304</subfield></datafield><datafield ind1="0" ind2="0" tag="785"><subfield code="t">Point news (Saint Mary's City, Md. : 1985)</subfield><subfield code="w">(DLC)sn 90057306</subfield></datafield></record>